<record><leader>00000cas a22000007a 4500</leader><controlfield tag="001">27780919</controlfield><controlfield tag="008">930323d19471947ctuwr ne      0    0eng d</controlfield><datafield ind1=" " ind2=" " tag="010"><subfield code="a">sn 93053829 </subfield></datafield><datafield ind1=" " ind2=" " tag="040"><subfield code="a">CNW</subfield><subfield code="b">eng</subfield><subfield code="c">CNW</subfield><subfield code="d">OCLCQ</subfield></datafield><datafield ind1=" " ind2=" " tag="042"><subfield code="a">msc</subfield></datafield><datafield ind1="0" ind2="0" tag="245"><subfield code="a">West Hartford metropolitan news.</subfield></datafield><datafield ind1="1" ind2="7" tag="246"><subfield code="a">Metropolitan news</subfield><subfield code="f">Apr. 1947-May 1, 1947</subfield></datafield><datafield ind1=" " ind2=" " tag="260"><subfield code="a">West Hartford, Conn. :</subfield><subfield code="b">West Hartford Pub. Co.</subfield></datafield><datafield ind1=" " ind2=" " tag="300"><subfield code="a">v.</subfield></datafield><datafield ind1=" " ind2=" " tag="310"><subfield code="a">Weekly</subfield></datafield><datafield ind1="0" ind2=" " tag="362"><subfield code="a">Vol. 15, no. 29 (Apr. 10, 1947)-v. 15, no. 40 (June 26, 1947).</subfield></datafield><datafield ind1=" " ind2=" " tag="530"><subfield code="a">Available on microfilm from Graphic Microfilm of New England.</subfield></datafield><datafield ind1=" " ind2="4" tag="651"><subfield code="a">West Hartford (Conn.)</subfield><subfield code="v">Newspapers.</subfield></datafield><datafield ind1=" " ind2=" " tag="752"><subfield code="a">United States</subfield><subfield code="b">Connecticut</subfield><subfield code="c">Hartford</subfield><subfield code="d">West Hartford.</subfield></datafield><datafield ind1="0" ind2="0" tag="780"><subfield code="t">Metropolitan news (West Hartford, Conn.)</subfield><subfield code="w">(DLC)sn 93053828</subfield></datafield><datafield ind1="0" ind2="0" tag="785"><subfield code="t">West Hartford news (West Hartford, Conn. : 1947)</subfield><subfield code="w">(DLC)sn 90066612</subfield><subfield code="w">(OCoLC)7846039</subfield></datafield><datafield ind1="1" ind2=" " tag="029"><subfield code="a">AU@</subfield><subfield code="b">000020737361</subfield></datafield></record>